


@article {Audibert04,
    AUTHOR = {Audibert, J-Y.},
     TITLE = {Aggregated estimators and empirical complexity for least
              square regression},
   JOURNAL = {Ann. Inst. H. Poincar\'e Probab. Statist.},
  FJOURNAL = {Annales de l'Institut Henri Poincar\'e. Probabilit\'es et
              Statistiques},
    VOLUME = {40},
      YEAR = {2004},
    NUMBER = {6},
     PAGES = {685--736},
      ISSN = {0246-0203},
     CODEN = {AHPBAR},
   MRCLASS = {62H30 (62C10 62G05)},
  MRNUMBER = {MR2096215 (2005h:62164)},
MRREVIEWER = {Luis Firinguetti},
}

@article {Audibert_Tysbakov07,
    AUTHOR = {Audibert, J-Y. and Tsybakov, A. B.},
     TITLE = {Fast learning rates for plug-in classifiers},
   JOURNAL = {Ann. Statist.},
  FJOURNAL = {The Annals of Statistics},
    VOLUME = {35},
      YEAR = {2007},
    NUMBER = {2},
     PAGES = {608--633},
      ISSN = {0090-5364},
     CODEN = {ASTSC7},
   MRCLASS = {62H30 (62G07 62G08 62H05)},
  MRNUMBER = {MR2336861},
    ANNOTE = {BLABLA},
}



@article {Bunea_Tsybakov_Wegkamp07,
    AUTHOR = {Bunea, F. and Tsybakov, A. B. and Wegkamp,
              M. H.},
     TITLE = {Aggregation for {G}aussian regression},
   JOURNAL = {Ann. Statist.},
  FJOURNAL = {The Annals of Statistics},
    VOLUME = {35},
      YEAR = {2007},
    NUMBER = {4},
     PAGES = {1674--1697},
      ISSN = {0090-5364},
     CODEN = {ASTSC7},
   MRCLASS = {62G08 (62C20 62G05 62G20)},
  MRNUMBER = {MR2351101},
}


@article {Barron_Leung06,
    AUTHOR = {Leung, G. and Barron, A. R.},
     TITLE = {Information theory and mixing least-squares regressions},
   JOURNAL = {IEEE Trans. Inform. Theory},
  FJOURNAL = {Institute of Electrical and Electronics Engineers.
              Transactions on Information Theory},
    VOLUME = {52},
      YEAR = {2006},
    NUMBER = {8},
     PAGES = {3396--3410},
      ISSN = {0018-9448},
     CODEN = {IETTAW},
   MRCLASS = {62B10 (62C10 94A15)},
  MRNUMBER = {MR2242356},
}
@article{Boulanger_Kervran06b,
   Author = {Kervrann,C. and Boulanger,J.},
   Title ={Optimal Spatial Adaptation for Patch-Based Image Denoising},
   Journal = {IEEETIP},
   Volume = {15},
   Number = {10},
   Pages = {'2866--2878},
   Year = {2006}
}

@article {Buades_Coll_Morel05,
    AUTHOR = {Buades, A. and Coll, B. and Morel, J-M.},
     TITLE = {A review of image denoising algorithms, with a new one},
   JOURNAL = {Multiscale Model. Simul.},
  FJOURNAL = {Multiscale Modeling \& Simulation. A SIAM Interdisciplinary
              Journal},
    VOLUME = {4},
      YEAR = {2005},
    NUMBER = {2},
     PAGES = {490--530 (electronic)},
      ISSN = {1540-3459},
   MRCLASS = {94A08 (62H35)},
  MRNUMBER = {MR2162865},
}


@inproceedings{Dalalyan_Tsybakov07,
  author    = {A. S. Dalalyan and
               A. B. Tsybakov},
  title     = {Aggregation by Exponential Weighting, Sharp Oracle Inequalities and Sparsity},
  booktitle = {COLT},
  year      = {2007},
  pages     = {97-111},
  ee        = {http://dx.doi.org/10.1007/978-3-540-72927-3_9},
  crossref  = {DBLP:conf/colt/2007},
  bibsource = {DBLP, http://dblp.uni-trier.de},
}

@article{Dalalyan_Tsybakov09,
  author    = {A. S. Dalalyan and
               A. B. Tsybakov},
  title     = {Sparse Regression Learning by Aggregation and Langevin Monte-Carlo},
  year      = {2009},
  journal = {to appear},
}



@article {Juditsky_Nazin_Tsybakov_Vayatis05,
    AUTHOR = {Juditsky, A. B. and Nazin, A. V. and Tsybakov, A. B. and
              Vayatis, N.},
     TITLE = {Recursive aggregation of estimators by the mirror descent
              method with averaging},
   JOURNAL = {Problemy Peredachi Informatsii},
  FJOURNAL = {Rossi\u\i skaya Akademiya Nauk. Problemy Peredachi
              Informatsii},
    VOLUME = {41},
      YEAR = {2005},
    NUMBER = {4},
     PAGES = {78--96},
      ISSN = {0555-2923},
   MRCLASS = {62H30 (68T05)},
  MRNUMBER = {MR2198228 (2007b:62074)},
MRREVIEWER = {Witold Pedrycz},
}

@article {Lecue07,
    AUTHOR = {Lecu{\'e}, G.},
     TITLE = {Optimal rates of aggregation in classification under low noise
              assumption},
   JOURNAL = {Bernoulli},
  FJOURNAL = {Bernoulli. Official Journal of the Bernoulli Society for
              Mathematical Statistics and Probability},
    VOLUME = {13},
      YEAR = {2007},
    NUMBER = {4},
     PAGES = {1000--1022},
      ISSN = {1350-7265},
   MRCLASS = {62H30},
  MRNUMBER = {MR2364224},
}

@article {Mairal_Sapiro_Elad08,
    AUTHOR = {Mairal, J. and Sapiro, G. and Elad, M.},
     TITLE = {Learning multiscale sparse representations for image and video
              restoration},
   JOURNAL = {Multiscale Model. Simul.},
  FJOURNAL = {Multiscale Modeling \& Simulation. A SIAM Interdisciplinary
              Journal},
    VOLUME = {7},
      YEAR = {2008},
    NUMBER = {1},
     PAGES = {214--241},
      ISSN = {1540-3459},
   MRCLASS = {65F50 (49M27 62H35 94A08)},
  MRNUMBER = {MR2399544},
}


@article {Mammen_Tsybakov99,
    AUTHOR = {Mammen, E. and Tsybakov, A. B.},
     TITLE = {Smooth discrimination analysis},
   JOURNAL = {Ann. Statist.},
  FJOURNAL = {The Annals of Statistics},
    VOLUME = {27},
      YEAR = {1999},
    NUMBER = {6},
     PAGES = {1808--1829},
      ISSN = {0090-5364},
     CODEN = {ASTSC7},
   MRCLASS = {62H30 (62G05 62G20)},
  MRNUMBER = {MR1765618 (2001i:62074)},
    ANNOTE = {first occurence of the Margin Assumption },
}


@article {Rigollet_Tsybakov07,
    AUTHOR = {Rigollet, P. and Tsybakov, A. B.},
     TITLE = {Linear and convex aggregation of density estimators},
   JOURNAL = {Math. Methods Statist.},
  FJOURNAL = {Mathematical Methods of Statistics},
    VOLUME = {16},
      YEAR = {2007},
    NUMBER = {3},
     PAGES = {260--280},
      ISSN = {1066-5307},
   MRCLASS = {62G07 (62G05 62G20)},
  MRNUMBER = {MR2356821},
}

@book {Robert_Casella04,
    AUTHOR = {Robert, C.P. and Casella, G.},
     TITLE = {Monte Carlo statistical methods},
    SERIES = {Springer Texts in Statistics},
   EDITION = {Second},
 PUBLISHER = {Springer-Verlag},
   ADDRESS = {New York},
      YEAR = {2004},
     PAGES = {xxx+645},
      ISBN = {0-387-21239-6},
   MRCLASS = {62-01 (60J10 62F15 65Cxx)},
  MRNUMBER = {MR2080278 (2005d:62006)},
MRREVIEWER = {Petru P. Blaga},
}


@article {Roberts_Stramer02,
    AUTHOR = {Roberts,G.O. and Stramer,O.},
     TITLE = {Langevin diffusions and Metropolis-Hastings algorithms},
   JOURNAL = {Methodol. Comput. Appl. Probab.},
  FJOURNAL = {Methodology and Computing in Applied Probability},
    VOLUME = {4},
      YEAR = {2002},
    NUMBER = {4},
     PAGES = {337--357 (2003)},
      ISSN = {1387-5841},
   MRCLASS = {60J60 (65C05)},
  MRNUMBER = {MR2002247 (2004g:60112)},
}



@inproceedings{Tsybakov03,
  author    = {A. B. Tsybakov},
  title     = {Optimal Rates of Aggregation},
  booktitle = {COLT},
  year      = {2003},
  pages     = {303-313},
  ee        = {http://springerlink.metapress.com/openurl.asp?genre=article{\&}issn=0302-9743{\&}volume=2777{\&}spage=303},
  bibsource = {DBLP, http://dblp.uni-trier.de},
}

@article{Yang00,
    AUTHOR = {Yang, Y.},
     TITLE = {Combining different procedures for adaptive regression},
   JOURNAL = {J. Multivariate Anal.},
  FJOURNAL = {Journal of Multivariate Analysis},
    VOLUME = {74},
      YEAR = {2000},
    NUMBER = {1},
     PAGES = {135--161},
      ISSN = {0047-259X},
   MRCLASS = {62G07 (62B10 62C20)},
  MRNUMBER = {MR1790617 (2001h:62069)},
MRREVIEWER = {Lian Fen Qian},
}

@article{Yang01,
    AUTHOR = {Yang, Y.},
     TITLE = {Adaptive regression by mixing},
   JOURNAL = {J. Amer. Statist. Assoc.},
  FJOURNAL = {Journal of the American Statistical Association},
    VOLUME = {96},
      YEAR = {2001},
    NUMBER = {454},
     PAGES = {574--588},
      ISSN = {0162-1459},
     CODEN = {JSTNAL},
   MRCLASS = {62G05 (62B10)},
  MRNUMBER = {MR1946426 (2003k:62127)},
}



%%%%%%%%%%%%%%%%%%%%%%%%%%%%%%%%%%%%%%%%%%%%%%%%%%%%%%%%%%%%%%%%%%%%%%%%%%%%%%%%%%%%%%%%%%%%%%%%%%%
%BOOKS%
%%%%%%%%%%%%%%%%%%%%%%%%%%%%%%%%%%%%%%%%%%%%%%%%%%%%%%%%%%%%%%%%%%%%%%%%%%%%%%%%%%%%%%%%%%%%%%%%%%%
@book{Catoni04,
    AUTHOR = {Catoni, O.},
     TITLE = {Statistical learning theory and stochastic optimization},
    SERIES = {Lecture Notes in Mathematics},
    VOLUME = {1851},
      NOTE = {Lecture notes from the 31st Summer School on Probability
              Theory held in Saint-Flour, July 8--25, 2001},
 PUBLISHER = {Springer-Verlag},
   ADDRESS = {Berlin},
      YEAR = {2004},
     PAGES = {viii+272},
      ISBN = {3-540-22572-2},
   MRCLASS = {62-02 (62B10 62G05 62G07 62H30 90C15 91A26 91E40)},
  MRNUMBER = {MR2163920 (2006d:62004)},
MRREVIEWER = {Vivek S. Borkar},
}
